@INPROCEEDINGS{me2016,
  AUTHOR = {Johnson, John},
  BOOKTITLE = {{International Conference on Great Research}},
  VENUE = {{Honolulu, Hawaii}},
  EVENTDATE = {2016-05-02/2016-05-04},
  TITLE = {Great Research Paper},
  YEAR = {2016},
  ARXIVID = {1511.06744},
  EPRINT = {1511.06744},
  EPRINTTYPE = {arXiv},
  KEYWORDS={ccv},
}
@INPROCEEDINGS{me2016notinccv,
  AUTHOR = {Johnson, John},
  BOOKTITLE = {{International Conference on Great Research}},
  VENUE = {{Honolulu, Hawaii}},
  EVENTDATE = {2016-05-02/2016-05-04},
  TITLE = {Great Research Paper},
  YEAR = {2016},
  ARXIVID = {1511.06744},
  EPRINT = {1511.06744},
  EPRINTTYPE = {arXiv},
}
